<?xml version="1.0" encoding="UTF-8"?><collection xmlns="http://www.loc.gov/MARC21/slim"><record><leader>00393nam--2200133-i-4500</leader><controlfield tag="001">000022255</controlfield><controlfield tag="002">20161230</controlfield><controlfield tag="005">20161230201034</controlfield><controlfield tag="008">060222s1000------------r-----000-0-eng-d</controlfield><datafield ind1=" " ind2=" " tag="245"><subfield code="a">Tables for identification of organic compounds</subfield></datafield><datafield ind1=" " ind2=" " tag="260"><subfield code="a">Cleveland, Chemical Rubber Publ. Co., 1960, 241p</subfield></datafield><datafield ind1=" " ind2=" " tag="490"><subfield code="a">Supplement To Handbook Of Chemistry And Physics</subfield></datafield><datafield ind1=" " ind2=" " tag="700"><subfield code="a">Hodgman Ch. D</subfield></datafield><datafield ind1=" " ind2=" " tag="852"><subfield code="a">19397</subfield></datafield></record></collection>